<record><leader>00000cas a2200000 a 4500</leader><controlfield tag="001">11233570</controlfield><controlfield tag="008">841005d1853185uiluwr ne      0   a0eng c</controlfield><datafield ind1=" " ind2=" " tag="010"><subfield code="a">sn 84031820 </subfield></datafield><datafield ind1=" " ind2=" " tag="040"><subfield code="a">NYG</subfield><subfield code="b">eng</subfield><subfield code="c">NYG</subfield><subfield code="d">NPU</subfield><subfield code="d">NVF</subfield><subfield code="d">OCL</subfield><subfield code="d">NVF</subfield><subfield code="d">OCLCQ</subfield><subfield code="d">OCLCF</subfield><subfield code="d">NVF</subfield><subfield code="d">OCLCO</subfield></datafield><datafield ind1="1" ind2=" " tag="029"><subfield code="a">AU@</subfield><subfield code="b">000020232580</subfield></datafield><datafield ind1=" " ind2=" " tag="042"><subfield code="a">pcc</subfield></datafield><datafield ind1=" " ind2=" " tag="043"><subfield code="a">n-us-il</subfield></datafield><datafield ind1="0" ind2=" " tag="130"><subfield code="a">Kankakee gazette (Kankakee, Ill. : 1853)</subfield></datafield><datafield ind1="1" ind2="4" tag="245"><subfield code="a">The Kankakee gazette.</subfield></datafield><datafield ind1=" " ind2=" " tag="260"><subfield code="a">Kankakee City [Kankakee], Ill. :</subfield><subfield code="b">A. Chester,</subfield><subfield code="c">1853-</subfield></datafield><datafield ind1="3" ind2=" " tag="260"><subfield code="3">&lt;1873&gt;</subfield><subfield code="a">Kankakee, Ill. :</subfield><subfield code="b">Charles Holt</subfield></datafield><datafield ind1=" " ind2=" " tag="300"><subfield code="a">v.</subfield></datafield><datafield ind1=" " ind2=" " tag="310"><subfield code="a">Weekly</subfield></datafield><datafield ind1="1" ind2=" " tag="362"><subfield code="a">Began in 1853.</subfield></datafield><datafield ind1=" " ind2=" " tag="500"><subfield code="a">Editor: D.S. Parker, &lt;1863&gt; &amp; Charles Holt, &lt;1873&gt;</subfield></datafield><datafield ind1=" " ind2=" " tag="588"><subfield code="a">Description based on: Vol. 1, no. 13 (Dec. 3, 1853).</subfield></datafield><datafield ind1=" " ind2=" " tag="588"><subfield code="a">Latest issue consulted: Dec. 26, 1856.</subfield></datafield><datafield ind1=" " ind2="0" tag="651"><subfield code="a">Kankakee (Ill.)</subfield><subfield code="v">Newspapers.</subfield></datafield><datafield ind1=" " ind2="7" tag="651"><subfield code="a">Illinois</subfield><subfield code="z">Kankakee.</subfield><subfield code="2">fast</subfield><subfield code="0">(OCoLC)fst01219158</subfield></datafield><datafield ind1=" " ind2="7" tag="655"><subfield code="a">Newspapers.</subfield><subfield code="2">fast</subfield><subfield code="0">(OCoLC)fst01423814</subfield></datafield><datafield ind1=" " ind2=" " tag="752"><subfield code="a">United States</subfield><subfield code="b">Illinois</subfield><subfield code="c">Kankakee</subfield><subfield code="d">Kankakee.</subfield></datafield><datafield ind1="0" ind2="0" tag="785"><subfield code="t">Kankakee weekly gazette</subfield><subfield code="w">(DLC)sn 87082508</subfield><subfield code="w">(OCoLC)15808772</subfield></datafield></record>